@book{template,
    title = {Template Title},
    author = {Author, Template},
    year = {X},
    publisher = {{X}},
    keywords = {X}
}
@article{NN1943,
  title={A logical calculus of the ideas immanent in nervous activity},
  author={McCulloch, Warren and Pitts, Walter},
  journal={Bulletin of Mathematical Biophysics},
  volume={5},
  number={4},
  pages={115-133},
  year={1943},
  doi={10.1007/BF02478259}
}

@book{NN1949,
  title={The Organization of Behavior},
  author={Hebb, Donald},
  year={1949},
  publisher={John Wiley & Sons},
  doi={10.4324/9781410612403}
}

@book{NN1969,
  title={Perceptrons: An Introduction to Computational Geometry},
  author={Minsky, Marvin and Papert, Seymour},
  year={1969},
  publisher={MIT Press},
  doi={10.7551/mitpress/11301.001.0001}
}

@inbook{NNhistory,
  title={Neural Networks -- State of Art, Brief History, Basic Models and Architecture},
  author={Macukow, Bogusław},
  booktitle={Neural Networks and Their Applications},
  pages={1--16},
  year={2016},
  publisher={Springer},
  doi={10.1007/978-3-319-45378-1_1}
}

@misc{mhjorth-RBM,
  title={From Variational Monte Carlo to Boltzmann Machines and Machine Learning},
  author={Hjorth-Jensen, Morten},
  year={2019},
  url={https://compphysics.github.io/MachineLearningMSU/doc/pub/RBM/html/RBM.html}
}

@misc{solveHO,
  title={Variational Method},
  author={Jammooa, Dani and Tsantiri, Anastasia},
  year={2020},
  url={https://people.nscl.msu.edu/~pratt/phy851/presentations/jammooa_tsantiri.pdf}
}

@misc{postulates,
  title={The Postulates of Quantum Mechanics},
  author={Jordan, Michael and Kable, Scott and Schmidt, Trevor},
  url={https://www.sydney.edu.au/science/chemistry/~mjtj/CHEM3117/Resources/postulates.pdf}
}

@misc{varprinc,
  title={The Variation Principle},
  author={Jordan, Michael and Kable, Scott and Schmidt, Trevor},
  url={https://www.sydney.edu.au/science/chemistry/~mjtj/CHEM3117/Resources/var_pr.pdf}
}

@article{symm,
  title={Artificial Neural Networks as Trial Wave Functions for Quantum Monte Carlo},
  author={Kessler, Jens and Calcavecchia, Francesco and Kühne, Thomas D.},
  journal={Advanced Theory and Simulations},
  volume={3},
  number={6},
  pages={2000269},
  year={2020},
  doi={10.1002/adts.202000269}
}

@misc{BM,
  title={Boltzmann Machines and Energy-Based Models},
  author={Osogami, Takayuki},
  year={2017},
  url={https://doi.org/10.48550/arXiv.1708.06008}
}

@misc{nkising,
  title={Ground-State: Ising Model},
  author={Vicentini, Filippo},
  year={2020},
  url={https://netket.readthedocs.io/en/latest/tutorials/gs-ising.html}
}

@misc{nkheisenberg,
  title={Ground-State: Heisenberg Model},
  author={Vicentini, Filippo and Carleo, Giuseppe},
  year={2020},
  url={https://netket.readthedocs.io/en/latest/tutorials/gs-heisenberg.html}
}

@inbook{RBM_source,
  title={An Introduction to Restricted Boltzmann Machines},
  author={Fischer, Asja and Igel, Christian},
  booktitle={Progress in Pattern Recognition, Image Analysis, Computer Vision, and Applications},
  pages={14--36},
  year={2012},
  publisher={Springer},
  doi={10.1007/978-3-642-33275-3_2}
}

@misc{GD,
  title={An Overview of Gradient Descent Optimization Algorithms},
  author={Ruder, Sebastian},
  year={2016},
  url={https://doi.org/10.48550/arXiv.1609.04747}
}

@book{cnn,
  title={Complex-Valued Neural Networks},
  author={Hirose, Akira},
  year={2012},
  publisher={Springer}
}

@misc{jane,
  title={Solving the Quantum Many-Body Problem with Neural-Network Quantum States},
  author={Kim, Jane M.},
  year={2020},
  url={https://pa.msu.edu/graduate-program/current-graduate-students/JaneKim_Dissertation.pdf}
}

@misc{pfeuty,
  title={The One-Dimensional Ising Model with a Transverse Field},
  author={Pfeuty, Pierre},
  year={1970},
  url={https://www.math.ucdavis.edu/~bxn/pfeuty1970.pdf}
}

@article{NQS,
  title={Solving the Quantum Many-Body Problem with Artificial Neural Networks},
  author={Carleo, Giuseppe and Troyer, Matthias},
  journal={Science},
  volume={355},
  number={6325},
  pages={602--606},
  year={2017},
  doi={10.48550/arXiv.1606.02318}
}

@article{uni,
  title={Multilayer Feedforward Networks are Universal Approximators},
  author={Hornik, Kurt and Stinchcombe, Maxwell and White, Halbert},
  journal={Neural Networks},
  volume={2},
  number={5},
  pages={359--366},
  year={1989},
  url={https://www.cs.cmu.edu/~epxing/Class/10715/reading/Kornick_et_al.pdf}
}

@article{qmhistory,
  title={The History of Quantum Mechanics},
  author={Passon, Oliver},
  journal={Orbit: A Journal of American Literature},
  volume={3},
  number={1},
  year={2022},
  doi={10.11588/oepn.2022.3.90499}
}

@misc{zaheer2018deepsets,
      title={Deep Sets}, 
      author={Manzil Zaheer and Satwik Kottur and Siamak Ravanbakhsh and Barnabas Poczos and Ruslan Salakhutdinov and Alexander Smola},
      year={2018},
      eprint={1703.06114},
      archivePrefix={arXiv},
      primaryClass={cs.LG},
      url={https://arxiv.org/abs/1703.06114}, 
}

@book{qmbook1,
  title={Introduction to Quantum Mechanics},
  author={Griffiths, David J. and Schroeter, Darrell F.},
  year={2018},
  publisher={Cambridge University Press}
}

@book{qmbook2,
  title={Quantum Mechanics},
  author={Berera, Arjun and Debbio, Luigi Del},
  year={2022},
  publisher={Cambridge University Press}
}


@article{glorot,
author = {Glorot, Xavier and Bengio, Y.},
year = {2010},
month = {01},
pages = {249-256},
title = {Understanding the difficulty of training deep feedforward neural networks},
volume = {9},
journal = {Journal of Machine Learning Research - Proceedings Track}
}

@book{dying,

    title = {Dying ReLU and Initialization: Theory and Numerical Examples},
    author = {L. Lu, Y. Shin, Y. Su, G. E. Karniadakis},
    URL = {https://doi.org/10.48550/arXiv.1903.06733}

}

@article{arute2019quantum,
  title={Quantum supremacy using a programmable superconducting processor},
  author={Arute, Frank and others},
  journal={Nature},
  volume={574},
  number={7779},
  pages={505--510},
  year={2019},
  publisher={Nature Publishing Group}
}

@article{preskill2018quantum,
  title={Quantum Computing in the NISQ era and beyond},
  author={Preskill, John},
  journal={Quantum},
  volume={2},
  pages={79},
  year={2018}
}

@article{pirandola2020advances,
  title={Advances in Quantum Cryptography},
  author={Pirandola, Stefano and others},
  journal={Advances in Optics and Photonics},
  volume={12},
  number={4},
  pages={1012--1236},
  year={2020}
}

@article{hasan2010colloquium,
  title={Colloquium: Topological insulators},
  author={Hasan, M. Zahid and Kane, Charles L.},
  journal={Reviews of Modern Physics},
  volume={82},
  number={4},
  pages={3045--3067},
  year={2010},
  publisher={American Physical Society}
}

@article{novoselov2004electric,
  title={Electric field effect in atomically thin carbon films},
  author={Novoselov, Kostya S. and others},
  journal={Science},
  volume={306},
  number={5696},
  pages={666--669},
  year={2004},
  publisher={American Association for the Advancement of Science}
}

@article{ludlow2015optical,
  title={Optical atomic clocks},
  author={Ludlow, Andrew D. and others},
  journal={Reviews of Modern Physics},
  volume={87},
  number={2},
  pages={637},
  year={2015},
  publisher={American Physical Society}
}

@article{degen2017quantum,
  title={Quantum sensing},
  author={Degen, Christian L. and Reinhard, Friedemann and Cappellaro, Paola},
  journal={Reviews of Modern Physics},
  volume={89},
  number={3},
  pages={035002},
  year={2017},
  publisher={American Physical Society}
}

@article{lambert2013quantum,
  title={Quantum biology},
  author={Lambert, Neill and others},
  journal={Nature Physics},
  volume={9},
  number={1},
  pages={10--18},
  year={2013},
  publisher={Nature Publishing Group}
}

@article{arndt2009quantum,
  title={Quantum effects in biology: bird navigation, quantum spins and avian magnetoreception},
  author={Arndt, Markus and others},
  journal={Nature},
  volume={460},
  number={7253},
  pages={875--879},
  year={2009},
  publisher={Nature Publishing Group}
}

@book{hawking1996nature,
  title={The Nature of Space and Time},
  author={Hawking, Stephen W. and Penrose, Roger},
  year={1996},
  publisher={Princeton University Press}
}

@book{rovelli2015quantum,
  title={Quantum Gravity},
  author={Rovelli, Carlo},
  year={2015},
  publisher={Cambridge University Press}
}


@book{flugsrud,
  title={Solving Quantum Mechanical Problems with Machine Learning},
  author={Flugsrud, Vilde M.},
  year={2018},
}
@book{nordhagen,
  title={Studies of Quantum Dots using Machine Learning},
  author={Nordhagen, Even M.},
  year={2019},
}

@misc{fys2140,
    title= {Quantum Physics Lecture Notes},
    year = {2020},
    author = {Guttormsen, Magne}
}
@misc{fys3110,
    title= {Quantum Mechanics Lecture Notes},
    year = {2023},
    author = {Syljuåsen, Olav F.}
}
@misc{fys3150,
    title= {Computational Physics Lecture Notes},
    year = {2020},
    author = {Hjorth-Jensen, Morten}
}

@misc{fysstk3155,
    title= {Applied Data Analysis and Machine Learning Lecture Notes},
    year = {2020},
    author = {Hjorth-Jensen, Morten}
}

@misc{fys4411,
    title= {Computational Physics II: Quantum Mechanical Systems Lecture Notes},
    year = {2023},
    author = {Hjorth-Jensen, Morten}
}
@misc{fys5429,
    title= {Advanced Machine Learning and Data Analysis for the Physical Sciences Lecture Notes},
    year = {2023},
    author = {Hjorth-Jensen, Morten}
}

@misc{gab,
    title = {FYS3110 Compendium},
    year = {2018},
    author = {S. Cabrera, Gabriel},
    URL = {https://github.com/GabrielSCabrera/Compendia/blob/master/FYS3110%20Quantum%20Mechanics.pdf}

}